<record><leader>00000cas a22000007a 4500</leader><controlfield tag="001">23131669</controlfield><controlfield tag="008">910221d19101910coudn ne      0    0eng d</controlfield><datafield ind1=" " ind2=" " tag="010"><subfield code="a">sn 91052163 </subfield></datafield><datafield ind1=" " ind2=" " tag="040"><subfield code="a">CNQ</subfield><subfield code="b">eng</subfield><subfield code="c">CNQ</subfield><subfield code="d">OCLCQ</subfield></datafield><datafield ind1=" " ind2=" " tag="042"><subfield code="a">msc</subfield></datafield><datafield ind1="0" ind2=" " tag="130"><subfield code="a">Daily advocate (Sterling, Colo.)</subfield></datafield><datafield ind1="1" ind2="4" tag="245"><subfield code="a">The daily advocate.</subfield></datafield><datafield ind1="1" ind2="3" tag="246"><subfield code="a">Daily republican-advocate</subfield></datafield><datafield ind1=" " ind2=" " tag="260"><subfield code="a">[Sterling, Colo.] :</subfield><subfield code="b">The Republican-Advocates</subfield></datafield><datafield ind1=" " ind2=" " tag="300"><subfield code="a">v.</subfield></datafield><datafield ind1=" " ind2=" " tag="310"><subfield code="a">Daily (except Sat. and Sun.)</subfield></datafield><datafield ind1="1" ind2=" " tag="362"><subfield code="a">Began in 1910.</subfield></datafield><datafield ind1="0" ind2=" " tag="362"><subfield code="a">-v. 1, no. 25 (Dec. 8, 1910).</subfield></datafield><datafield ind1=" " ind2=" " tag="530"><subfield code="a">Available on microfilm from the Colorado Historical Society.</subfield></datafield><datafield ind1=" " ind2=" " tag="580"><subfield code="a">Weekly ed.: Republican-advocate (Sterling, Colo.).</subfield></datafield><datafield ind1=" " ind2=" " tag="588"><subfield code="a">Description based on: Vol. 1, no. 7 (Nov. 17, 1910).</subfield></datafield><datafield ind1="1" ind2=" " tag="775"><subfield code="t">Republican-advocate (Sterling, Colo.)</subfield><subfield code="w">(DLC)sn 90051437</subfield></datafield><datafield ind1="0" ind2="0" tag="785"><subfield code="t">Morning advocate (Sterling, Colo.)</subfield><subfield code="w">(DLC)sn 91052164</subfield></datafield><datafield ind1="1" ind2=" " tag="029"><subfield code="a">AU@</subfield><subfield code="b">000025863496</subfield></datafield></record>